%YAML 1.1
%TAG !u! tag:unity3d.com,2011:
--- !u!1 &2472933769886872238
GameObject:
  m_ObjectHideFlags: 0
  m_CorrespondingSourceObject: {fileID: 0}
  m_PrefabInstance: {fileID: 0}
  m_PrefabAsset: {fileID: 0}
  serializedVersion: 6
  m_Component:
  - component: {fileID: 2472933769886872237}
  - component: {fileID: 5608650605506228406}
  - component: {fileID: 4787084722659747493}
  - component: {fileID: 1361047868119232054}
  - component: {fileID: 3005148751202590341}
  - component: {fileID: 3063056708002474908}
  - component: {fileID: 547156867}
  m_Layer: 0
  m_Name: VanguardPrefab
  m_TagString: Enemy1
  m_Icon: {fileID: 0}
  m_NavMeshLayer: 0
  m_StaticEditorFlags: 0
  m_IsActive: 1
--- !u!4 &2472933769886872237
Transform:
  m_ObjectHideFlags: 0
  m_CorrespondingSourceObject: {fileID: 0}
  m_PrefabInstance: {fileID: 0}
  m_PrefabAsset: {fileID: 0}
  m_GameObject: {fileID: 2472933769886872238}
  m_LocalRotation: {x: 0, y: 0, z: 0, w: 1}
  m_LocalPosition: {x: 43, y: 0.54, z: 90}
  m_LocalScale: {x: 1, y: 1, z: 1}
  m_Children:
  - {fileID: 2727801847883179158}
  m_Father: {fileID: 0}
  m_RootOrder: 0
  m_LocalEulerAnglesHint: {x: 0, y: 0, z: 0}
--- !u!136 &5608650605506228406
CapsuleCollider:
  m_ObjectHideFlags: 0
  m_CorrespondingSourceObject: {fileID: 0}
  m_PrefabInstance: {fileID: 0}
  m_PrefabAsset: {fileID: 0}
  m_GameObject: {fileID: 2472933769886872238}
  m_Material: {fileID: 0}
  m_IsTrigger: 0
  m_Enabled: 1
  m_Radius: 0.4
  m_Height: 1.95
  m_Direction: 1
  m_Center: {x: 0, y: 0.15, z: 0}
--- !u!195 &4787084722659747493
NavMeshAgent:
  m_ObjectHideFlags: 0
  m_CorrespondingSourceObject: {fileID: 0}
  m_PrefabInstance: {fileID: 0}
  m_PrefabAsset: {fileID: 0}
  m_GameObject: {fileID: 2472933769886872238}
  m_Enabled: 1
  m_AgentTypeID: 0
  m_Radius: 0.4
  m_Speed: 3.5
  m_Acceleration: 8
  avoidancePriority: 50
  m_AngularSpeed: 120
  m_StoppingDistance: 0
  m_AutoTraverseOffMeshLink: 1
  m_AutoBraking: 1
  m_AutoRepath: 1
  m_Height: 1.8
  m_BaseOffset: 0.7
  m_WalkableMask: 4294967295
  m_ObstacleAvoidanceType: 4
--- !u!114 &1361047868119232054
MonoBehaviour:
  m_ObjectHideFlags: 0
  m_CorrespondingSourceObject: {fileID: 0}
  m_PrefabInstance: {fileID: 0}
  m_PrefabAsset: {fileID: 0}
  m_GameObject: {fileID: 2472933769886872238}
  m_Enabled: 1
  m_EditorHideFlags: 0
  m_Script: {fileID: 11500000, guid: 93ee9c98db87e38488da07e1fe192bd6, type: 3}
  m_Name: 
  m_EditorClassIdentifier: 
  agent: {fileID: 4787084722659747493}
  waypoints:
  - {fileID: 0}
  - {fileID: 0}
  - {fileID: 0}
  - {fileID: 0}
  fireRate: 15
  attackRange: 10
  fire: {fileID: 547156867}
  limit: 10
  allowedDistance: 5
--- !u!114 &3005148751202590341
MonoBehaviour:
  m_ObjectHideFlags: 0
  m_CorrespondingSourceObject: {fileID: 0}
  m_PrefabInstance: {fileID: 0}
  m_PrefabAsset: {fileID: 0}
  m_GameObject: {fileID: 2472933769886872238}
  m_Enabled: 1
  m_EditorHideFlags: 0
  m_Script: {fileID: 11500000, guid: cf8d13b16edb20048bb5bf60c4b0f5e0, type: 3}
  m_Name: 
  m_EditorClassIdentifier: 
  health: 50
  Win: {fileID: 0}
  UI: {fileID: 0}
--- !u!114 &3063056708002474908
MonoBehaviour:
  m_ObjectHideFlags: 0
  m_CorrespondingSourceObject: {fileID: 0}
  m_PrefabInstance: {fileID: 0}
  m_PrefabAsset: {fileID: 0}
  m_GameObject: {fileID: 2472933769886872238}
  m_Enabled: 1
  m_EditorHideFlags: 0
  m_Script: {fileID: 11500000, guid: 0d969040a2fbd40449ea20f8929d0e75, type: 3}
  m_Name: 
  m_EditorClassIdentifier: 
  damage: 4
  range: 100
  impactForce: 30
--- !u!82 &547156867
AudioSource:
  m_ObjectHideFlags: 0
  m_CorrespondingSourceObject: {fileID: 0}
  m_PrefabInstance: {fileID: 0}
  m_PrefabAsset: {fileID: 0}
  m_GameObject: {fileID: 2472933769886872238}
  m_Enabled: 1
  serializedVersion: 4
  OutputAudioMixerGroup: {fileID: 0}
  m_audioClip: {fileID: 8300000, guid: b5b0e7c8a4453294a9b8b9d571465f26, type: 3}
  m_PlayOnAwake: 0
  m_Volume: 0.25
  m_Pitch: 1
  Loop: 0
  Mute: 0
  Spatialize: 0
  SpatializePostEffects: 0
  Priority: 128
  DopplerLevel: 1
  MinDistance: 1
  MaxDistance: 500
  Pan2D: 0
  rolloffMode: 0
  BypassEffects: 0
  BypassListenerEffects: 0
  BypassReverbZones: 0
  rolloffCustomCurve:
    serializedVersion: 2
    m_Curve:
    - serializedVersion: 3
      time: 0
      value: 1
      inSlope: 0
      outSlope: 0
      tangentMode: 0
      weightedMode: 0
      inWeight: 0.33333334
      outWeight: 0.33333334
    - serializedVersion: 3
      time: 1
      value: 0
      inSlope: 0
      outSlope: 0
      tangentMode: 0
      weightedMode: 0
      inWeight: 0.33333334
      outWeight: 0.33333334
    m_PreInfinity: 2
    m_PostInfinity: 2
    m_RotationOrder: 4
  panLevelCustomCurve:
    serializedVersion: 2
    m_Curve:
    - serializedVersion: 3
      time: 0
      value: 0
      inSlope: 0
      outSlope: 0
      tangentMode: 0
      weightedMode: 0
      inWeight: 0.33333334
      outWeight: 0.33333334
    m_PreInfinity: 2
    m_PostInfinity: 2
    m_RotationOrder: 4
  spreadCustomCurve:
    serializedVersion: 2
    m_Curve:
    - serializedVersion: 3
      time: 0
      value: 0
      inSlope: 0
      outSlope: 0
      tangentMode: 0
      weightedMode: 0
      inWeight: 0.33333334
      outWeight: 0.33333334
    m_PreInfinity: 2
    m_PostInfinity: 2
    m_RotationOrder: 4
  reverbZoneMixCustomCurve:
    serializedVersion: 2
    m_Curve:
    - serializedVersion: 3
      time: 0
      value: 1
      inSlope: 0
      outSlope: 0
      tangentMode: 0
      weightedMode: 0
      inWeight: 0.33333334
      outWeight: 0.33333334
    m_PreInfinity: 2
    m_PostInfinity: 2
    m_RotationOrder: 4
--- !u!95 &2472933770471555954
Animator:
  serializedVersion: 3
  m_ObjectHideFlags: 0
  m_CorrespondingSourceObject: {fileID: 0}
  m_PrefabInstance: {fileID: 0}
  m_PrefabAsset: {fileID: 0}
  m_GameObject: {fileID: 3355403791964536364}
  m_Enabled: 1
  m_Avatar: {fileID: 0}
  m_Controller: {fileID: 9100000, guid: b543f81b2950aaf459e9be3461b10b15, type: 2}
  m_CullingMode: 0
  m_UpdateMode: 0
  m_ApplyRootMotion: 0
  m_LinearVelocityBlending: 0
  m_WarningMessage: 
  m_HasTransformHierarchy: 1
  m_AllowConstantClipSamplingOptimization: 1
  m_KeepAnimatorControllerStateOnDisable: 0
--- !u!1001 &1186823611
PrefabInstance:
  m_ObjectHideFlags: 0
  serializedVersion: 2
  m_Modification:
    m_TransformParent: {fileID: 4315588512954825909}
    m_Modifications:
    - target: {fileID: -8679921383154817045, guid: 97b9bd418ee5f7e47a52aa6de18d598f,
        type: 3}
      propertyPath: m_LocalPosition.x
      value: 0.244
      objectReference: {fileID: 0}
    - target: {fileID: -8679921383154817045, guid: 97b9bd418ee5f7e47a52aa6de18d598f,
        type: 3}
      propertyPath: m_LocalPosition.y
      value: -0.058
      objectReference: {fileID: 0}
    - target: {fileID: -8679921383154817045, guid: 97b9bd418ee5f7e47a52aa6de18d598f,
        type: 3}
      propertyPath: m_LocalPosition.z
      value: 0.082
      objectReference: {fileID: 0}
    - target: {fileID: -8679921383154817045, guid: 97b9bd418ee5f7e47a52aa6de18d598f,
        type: 3}
      propertyPath: m_LocalRotation.x
      value: 0.49125946
      objectReference: {fileID: 0}
    - target: {fileID: -8679921383154817045, guid: 97b9bd418ee5f7e47a52aa6de18d598f,
        type: 3}
      propertyPath: m_LocalRotation.y
      value: -0.4145496
      objectReference: {fileID: 0}
    - target: {fileID: -8679921383154817045, guid: 97b9bd418ee5f7e47a52aa6de18d598f,
        type: 3}
      propertyPath: m_LocalRotation.z
      value: -0.59348345
      objectReference: {fileID: 0}
    - target: {fileID: -8679921383154817045, guid: 97b9bd418ee5f7e47a52aa6de18d598f,
        type: 3}
      propertyPath: m_LocalRotation.w
      value: 0.48434514
      objectReference: {fileID: 0}
    - target: {fileID: -8679921383154817045, guid: 97b9bd418ee5f7e47a52aa6de18d598f,
        type: 3}
      propertyPath: m_RootOrder
      value: 5
      objectReference: {fileID: 0}
    - target: {fileID: -8679921383154817045, guid: 97b9bd418ee5f7e47a52aa6de18d598f,
        type: 3}
      propertyPath: m_LocalEulerAnglesHint.x
      value: -0.92700005
      objectReference: {fileID: 0}
    - target: {fileID: -8679921383154817045, guid: 97b9bd418ee5f7e47a52aa6de18d598f,
        type: 3}
      propertyPath: m_LocalEulerAnglesHint.y
      value: -80
      objectReference: {fileID: 0}
    - target: {fileID: -8679921383154817045, guid: 97b9bd418ee5f7e47a52aa6de18d598f,
        type: 3}
      propertyPath: m_LocalEulerAnglesHint.z
      value: -100.786
      objectReference: {fileID: 0}
    - target: {fileID: 919132149155446097, guid: 97b9bd418ee5f7e47a52aa6de18d598f,
        type: 3}
      propertyPath: m_Name
      value: AK74
      objectReference: {fileID: 0}
    m_RemovedComponents: []
  m_SourcePrefab: {fileID: 100100000, guid: 97b9bd418ee5f7e47a52aa6de18d598f, type: 3}
--- !u!1001 &2472933770471555965
PrefabInstance:
  m_ObjectHideFlags: 0
  serializedVersion: 2
  m_Modification:
    m_TransformParent: {fileID: 2472933769886872237}
    m_Modifications:
    - target: {fileID: -8679921383154817045, guid: 417544a4fb31e334d975e4faaea7735b,
        type: 3}
      propertyPath: m_LocalPosition.x
      value: 0
      objectReference: {fileID: 0}
    - target: {fileID: -8679921383154817045, guid: 417544a4fb31e334d975e4faaea7735b,
        type: 3}
      propertyPath: m_LocalPosition.y
      value: -0.72
      objectReference: {fileID: 0}
    - target: {fileID: -8679921383154817045, guid: 417544a4fb31e334d975e4faaea7735b,
        type: 3}
      propertyPath: m_LocalPosition.z
      value: 0
      objectReference: {fileID: 0}
    - target: {fileID: -8679921383154817045, guid: 417544a4fb31e334d975e4faaea7735b,
        type: 3}
      propertyPath: m_LocalRotation.x
      value: 0
      objectReference: {fileID: 0}
    - target: {fileID: -8679921383154817045, guid: 417544a4fb31e334d975e4faaea7735b,
        type: 3}
      propertyPath: m_LocalRotation.y
      value: 0
      objectReference: {fileID: 0}
    - target: {fileID: -8679921383154817045, guid: 417544a4fb31e334d975e4faaea7735b,
        type: 3}
      propertyPath: m_LocalRotation.z
      value: 0
      objectReference: {fileID: 0}
    - target: {fileID: -8679921383154817045, guid: 417544a4fb31e334d975e4faaea7735b,
        type: 3}
      propertyPath: m_LocalRotation.w
      value: 1
      objectReference: {fileID: 0}
    - target: {fileID: -8679921383154817045, guid: 417544a4fb31e334d975e4faaea7735b,
        type: 3}
      propertyPath: m_RootOrder
      value: 0
      objectReference: {fileID: 0}
    - target: {fileID: -8679921383154817045, guid: 417544a4fb31e334d975e4faaea7735b,
        type: 3}
      propertyPath: m_LocalEulerAnglesHint.x
      value: 0
      objectReference: {fileID: 0}
    - target: {fileID: -8679921383154817045, guid: 417544a4fb31e334d975e4faaea7735b,
        type: 3}
      propertyPath: m_LocalEulerAnglesHint.y
      value: 0
      objectReference: {fileID: 0}
    - target: {fileID: -8679921383154817045, guid: 417544a4fb31e334d975e4faaea7735b,
        type: 3}
      propertyPath: m_LocalEulerAnglesHint.z
      value: 0
      objectReference: {fileID: 0}
    - target: {fileID: 919132149155446097, guid: 417544a4fb31e334d975e4faaea7735b,
        type: 3}
      propertyPath: m_Name
      value: Vanguard
      objectReference: {fileID: 0}
    m_RemovedComponents: []
  m_SourcePrefab: {fileID: 100100000, guid: 417544a4fb31e334d975e4faaea7735b, type: 3}
--- !u!1 &3355403791964536364 stripped
GameObject:
  m_CorrespondingSourceObject: {fileID: 919132149155446097, guid: 417544a4fb31e334d975e4faaea7735b,
    type: 3}
  m_PrefabInstance: {fileID: 2472933770471555965}
  m_PrefabAsset: {fileID: 0}
--- !u!4 &2727801847883179158 stripped
Transform:
  m_CorrespondingSourceObject: {fileID: -8679921383154817045, guid: 417544a4fb31e334d975e4faaea7735b,
    type: 3}
  m_PrefabInstance: {fileID: 2472933770471555965}
  m_PrefabAsset: {fileID: 0}
--- !u!4 &4315588512954825909 stripped
Transform:
  m_CorrespondingSourceObject: {fileID: 1852576806548013000, guid: 417544a4fb31e334d975e4faaea7735b,
    type: 3}
  m_PrefabInstance: {fileID: 2472933770471555965}
  m_PrefabAsset: {fileID: 0}
